@Manual{R-base,
  title = {R: A Language and Environment for Statistical Computing},
  author = {{R Core Team}},
  organization = {R Foundation for Statistical Computing},
  address = {Vienna, Austria},
  year = {2021},
  url = {https://www.R-project.org/},
}
@Manual{R-data.table,
  title = {data.table: Extension of `data.frame`},
  author = {Matt Dowle and Arun Srinivasan},
  year = {2021},
  note = {R package version 1.14.2},
  url = {https://CRAN.R-project.org/package=data.table},
}
@Manual{R-dplyr,
  title = {dplyr: A Grammar of Data Manipulation},
  author = {Hadley Wickham and Romain François and Lionel Henry and Kirill Müller},
  year = {2021},
  note = {R package version 1.0.7},
  url = {https://CRAN.R-project.org/package=dplyr},
}
@Manual{R-e1071,
  title = {e1071: Misc Functions of the Department of Statistics, Probability
Theory Group (Formerly: E1071), TU Wien},
  author = {David Meyer and Evgenia Dimitriadou and Kurt Hornik and Andreas Weingessel and Friedrich Leisch},
  year = {2021},
  note = {R package version 1.7-9},
  url = {https://CRAN.R-project.org/package=e1071},
}
@Misc{R-future,
  author = {Henrik Bengtsson},
  title = {A Unifying Framework for Parallel and Distributed Processing in R using Futures},
  year = {2021},
  note = {10.32614/RJ-2021-048},
  url = {https://journal.r-project.org/archive/2021/RJ-2021-048/index.html},
}
@Book{R-ggplot2,
  author = {Hadley Wickham},
  title = {ggplot2: Elegant Graphics for Data Analysis},
  publisher = {Springer-Verlag New York},
  year = {2016},
  isbn = {978-3-319-24277-4},
  url = {https://ggplot2.tidyverse.org},
}
@Article{R-glmnet_a,
  title = {Regularization Paths for Generalized Linear Models via Coordinate Descent},
  author = {Jerome Friedman and Trevor Hastie and Robert Tibshirani},
  journal = {Journal of Statistical Software},
  year = {2010},
  volume = {33},
  number = {1},
  pages = {1--22},
  url = {https://www.jstatsoft.org/v33/i01/},
}
@Article{R-glmnet_b,
  title = {Regularization Paths for Cox's Proportional Hazards Model via Coordinate Descent},
  author = {Noah Simon and Jerome Friedman and Trevor Hastie and Rob Tibshirani},
  journal = {Journal of Statistical Software},
  year = {2011},
  volume = {39},
  number = {5},
  pages = {1--13},
  url = {https://www.jstatsoft.org/v39/i05/},
}
@Manual{R-Matrix,
  title = {Matrix: Sparse and Dense Matrix Classes and Methods},
  author = {Douglas Bates and Martin Maechler},
  year = {2021},
  note = {R package version 1.3-4},
  url = {https://CRAN.R-project.org/package=Matrix},
}
@Article{R-mlr3,
  title = {{mlr3}: A modern object-oriented machine learning framework in {R}},
  author = {Michel Lang and Martin Binder and Jakob Richter and Patrick Schratz and Florian Pfisterer and Stefan Coors and Quay Au and Giuseppe Casalicchio and Lars Kotthoff and Bernd Bischl},
  journal = {Journal of Open Source Software},
  year = {2019},
  month = {dec},
  doi = {10.21105/joss.01903},
  url = {https://joss.theoj.org/papers/10.21105/joss.01903},
}
@Manual{R-mlr3learners,
  title = {mlr3learners: Recommended Learners for 'mlr3'},
  author = {Michel Lang and Quay Au and Stefan Coors and Patrick Schratz},
  year = {2021},
  note = {R package version 0.5.0},
  url = {https://CRAN.R-project.org/package=mlr3learners},
}
@Manual{R-mlr3tuning,
  title = {mlr3tuning: Tuning for 'mlr3'},
  author = {Marc Becker and Michel Lang and Jakob Richter and Bernd Bischl and Daniel Schalk},
  year = {2021},
  note = {R package version 0.9.0},
  url = {https://CRAN.R-project.org/package=mlr3tuning},
}
@Manual{R-papaja,
  author = {Frederik Aust and Marius Barth},
  title = {{papaja}: {Create} {APA} manuscripts with {R Markdown}},
  year = {2020},
  note = {R package version 0.1.0.9997},
  url = {https://github.com/crsh/papaja},
}
@Manual{R-paradox,
  title = {paradox: Define and Work with Parameter Spaces for Complex Algorithms},
  author = {Michel Lang and Bernd Bischl and Jakob Richter and Xudong Sun and Martin Binder},
  year = {2021},
  note = {R package version 0.7.1},
  url = {https://CRAN.R-project.org/package=paradox},
}
@Article{R-ranger,
  title = {{ranger}: A Fast Implementation of Random Forests for High Dimensional Data in {C++} and {R}},
  author = {Marvin N. Wright and Andreas Ziegler},
  journal = {Journal of Statistical Software},
  year = {2017},
  volume = {77},
  number = {1},
  pages = {1--17},
  doi = {10.18637/jss.v077.i01},
}
@Manual{R-xgboost,
  title = {xgboost: Extreme Gradient Boosting},
  author = {Tianqi Chen and Tong He and Michael Benesty and Vadim Khotilovich and Yuan Tang and Hyunsu Cho and Kailong Chen and Rory Mitchell and Ignacio Cano and Tianyi Zhou and Mu Li and Junyuan Xie and Min Lin and Yifeng Geng and Yutian Li},
  year = {2021},
  note = {R package version 1.4.1.1},
  url = {https://CRAN.R-project.org/package=xgboost},
}
@Article{R-checkmate,
  title = {{checkmate}: Fast Argument Checks for Defensive R Programming},
  author = {Michel Lang},
  journal = {The R Journal},
  year = {2017},
  url = {https://journal.r-project.org/archive/2017/RJ-2017-028/index.html},
  pages = {437--445},
  volume = {9},
  number = {1},
}
@Article{R-DALEX,
  title = {DALEX: Explainers for Complex Predictive Models in R},
  author = {Przemyslaw Biecek},
  journal = {Journal of Machine Learning Research},
  year = {2018},
  volume = {19},
  pages = {1-5},
  number = {84},
  url = {https://jmlr.org/papers/v19/18-416.html},
}
@Article{R-DALEXtra,
  title = {Landscape of R packages for eXplainable Artificial Intelligence},
  author = {Szymon Maksymiuk and Alicja Gosiewska and Przemyslaw Biecek},
  year = {2020},
  journal = {arXiv},
  url = {https://arxiv.org/abs/2009.13248},
  note = {Pages 6, 7, 11, 15},
}
@Manual{R-featureImportance,
  title = {featureImportance: Model-agnostic feature importance with the mlr package},
  author = {Giuseppe Casalicchio},
  year = {2021},
  note = {R package version 0.9},
}
@Misc{R-future.apply,
  author = {Henrik Bengtsson},
  title = {A Unifying Framework for Parallel and Distributed Processing in R using Futures},
  year = {2021},
  note = {10.32614/RJ-2021-048},
  url = {https://journal.r-project.org/archive/2021/RJ-2021-048/index.html},
}
@Manual{R-mlrCPO,
  title = {mlrCPO: Composable Preprocessing Operators and Pipelines for Machine
Learning},
  author = {Martin Binder},
  year = {2021},
  note = {R package version 0.3.7-2},
  url = {https://CRAN.R-project.org/package=mlrCPO},
}
@Manual{R-ParamHelpers,
  title = {ParamHelpers: Helpers for Parameters in Black-Box Optimization, Tuning and
Machine Learning},
  author = {Bernd Bischl and Michel Lang and Jakob Richter and Jakob Bossek and Daniel Horn and Pascal Kerschke},
  year = {2020},
  note = {R package version 1.14},
  url = {https://CRAN.R-project.org/package=ParamHelpers},
}
@Manual{R-R6,
  title = {R6: Encapsulated Classes with Reference Semantics},
  author = {Winston Chang},
  year = {2021},
  note = {R package version 2.5.1},
  url = {https://CRAN.R-project.org/package=R6},
}
@Article{R-stringi,
  title = {stringi: Fast and portable character string processing in R},
  author = {Marek Gagolewski},
  journal = {Journal of Statistical Software},
  year = {2021},
  note = {to appear},
}
@Article{R-testthat,
  author = {Hadley Wickham},
  title = {testthat: Get Started with Testing},
  journal = {The R Journal},
  year = {2011},
  volume = {3},
  pages = {5--10},
  url = {https://journal.r-project.org/archive/2011-1/RJournal_2011-1_Wickham.pdf},
}
